%%%% COMPLEX GENOMES

@article{fraser2013gene,
  title={Gene expression drives local adaptation in humans},
  author={Fraser, Hunter B},
  journal={Genome research},
  volume={23},
  number={7},
  pages={1089--1096},
  year={2013},
  publisher={Cold Spring Harbor Lab}
}

@article{pyhajarvi2013complex,
  title={Complex patterns of local adaptation in teosinte},
  author={Pyh{\"a}j{\"a}rvi, Tanja and Hufford, Matthew B and Mezmouk, Sofiane and Ross-Ibarra, Jeffrey},
  journal={Genome biology and evolution},
  volume={5},
  number={9},
  pages={1594--1609},
  year={2013},
  publisher={Oxford University Press}
}

%%%DELETERIOUS MUTATIONS

@article{peischl2015expansion,
  title={Expansion load: recessive mutations and the role of standing genetic variation},
  author={Peischl, Stephan and Excoffier, Laurent},
  journal={Molecular ecology},
  volume={24},
  number={9},
  pages={2084--2094},
  year={2015},
  publisher={Wiley Online Library}
}

@article{hancock2011adaptation,
  title={Adaptation to climate across the Arabidopsis thaliana genome},
  author={Hancock, Angela M and Brachi, Benjamin and Faure, Nathalie and Horton, Matthew W and Jarymowycz, Lucien B and Sperone, F Gianluca and Toomajian, Chris and Roux, Fabrice and Bergelson, Joy},
  journal={Science},
  volume={334},
  number={6052},
  pages={83--86},
  year={2011},
  publisher={American Association for the Advancement of Science}
}

@article{fu2014characteristics,
  title={Characteristics of neutral and deleterious protein-coding variation among individuals and populations},
  author={Fu, Wenqing and Gittelman, Rachel M and Bamshad, Michael J and Akey, Joshua M},
  journal={The American Journal of Human Genetics},
  volume={95},
  number={4},
  pages={421--436},
  year={2014},
  publisher={Elsevier}
}

@article{balick2013response,
  title={Response to a population bottleneck can be used to infer recessive selection},
  author={Balick, Daniel J and Do, Ron and Reich, David and Sunyaev, Shamil R},
  journal={arXiv preprint arXiv:1312.3028},
  year={2013}
}

@article{lohmueller2014impact,
  title={The Impact of Population Demography and Selection on the Genetic Architecture of Complex Traits},
  author={Lohmueller, Kirk E},
  journal={PLoS Genetics},
  volume={10},
  number={5},
  year={2014},
  publisher={Public Library of Science}
}

@article{tennessen2012evolution,
  title={Evolution and functional impact of rare coding variation from deep sequencing of human exomes},
  author={Tennessen, Jacob A and Bigham, Abigail W and Oâ€™Connor, Timothy D and Fu, Wenqing and Kenny, Eimear E and Gravel, Simon and McGee, Sean and Do, Ron and Liu, Xiaoming and Jun, Goo and others},
  journal={science},
  volume={337},
  number={6090},
  pages={64--69},
  year={2012},
  publisher={American Association for the Advancement of Science}
}



%%%% My papers

@article{studer2011identification,
  title={Identification of a functional transposon insertion in the maize domestication gene tb1},
  author={Studer, Anthony and Zhao, Qiong and Ross-Ibarra, Jeffrey and Doebley, John},
  journal={Nature genetics},
  volume={43},
  number={11},
  pages={1160--1163},
  year={2011},
  publisher={Nature Publishing Group}
}

@article{makarevitch2015transposable,
  title={Transposable elements contribute to activation of maize genes in response to abiotic stress},
  author={Makarevitch, Irina and Waters, Amanda J and West, Patrick T and Stitzer, Michelle and Hirsch, Candice N and Ross-Ibarra, Jeffrey and Springer, Nathan M},
  journal={PLoS genetics},
  volume={11},
  number={1},
  pages={e1004915},
  year={2015},
  publisher={Public Library of Science}
}


@article{van2011genetic,
  title={Genetic signals of origin, spread, and introgression in a large sample of maize landraces},
  author={van Heerwaarden, Joost and Doebley, John and Briggs, William H and Glaubitz, Jeffrey C and Goodman, Major M and Gonzalez, Jose de Jesus Sanchez and Ross-Ibarra, Jeffrey},
  journal={Proceedings of the National Academy of Sciences},
  volume={108},
  number={3},
  pages={1088--1092},
  year={2011},
  publisher={National Acad Sciences}
}

@article{hufford2013genomic,
  title={The genomic signature of crop-wild introgression in maize.},
  author={Hufford, MB and Lubinksy, P and Pyh{\"a}j{\"a}rvi, T and Devengenzo, MT and Ellstrand, NC and Ross-Ibarra, J},
  journal={PLoS genetics},
  volume={9},
  number={5},
  pages={e1003477--e1003477},
  year={2013}
}


@article{hufford2012comparative,
  title={Comparative population genomics of maize domestication and improvement},
  author={Hufford, Matthew B and Xu, Xun and Van Heerwaarden, Joost and Pyh{\"a}j{\"a}rvi, Tanja and Chia, Jer-Ming and Cartwright, Reed A and Elshire, Robert J and Glaubitz, Jeffrey C and Guill, Kate E and Kaeppler, Shawn M and others},
  journal={Nature genetics},
  volume={44},
  number={7},
  pages={808--811},
  year={2012},
  publisher={Nature Publishing Group}
}

%%%domestication

@article{hufford2012inferences,
  title={Inferences from the historical distribution of wild and domesticated maize provide ecological and evolutionary insight},
  author={Hufford, Matthew B and Mart{\'\i}nez-Meyer, Enrique and Gaut, Brandon S and Eguiarte, Luis E and Tenaillon, Maud I},
  year={2012}
}

@article{matsuoka2002single,
  title={A single domestication for maize shown by multilocus microsatellite genotyping},
  author={Matsuoka, Yoshihiro and Vigouroux, Yves and Goodman, Major M and Sanchez, Jesus and Buckler, Edward and Doebley, John},
  journal={Proceedings of the National Academy of Sciences},
  volume={99},
  number={9},
  pages={6080--6084},
  year={2002},
  publisher={National Acad Sciences}
}

@article{hastorf2009rio,
  title={Rio Balsas most likely region for maize domestication},
  author={Hastorf, Christine A},
  journal={Proceedings of the National Academy of Sciences},
  volume={106},
  number={13},
  pages={4957--4958},
  year={2009},
  publisher={National Acad Sciences}
}

@article{piperno2009starch,
  title={Starch grain and phytolith evidence for early ninth millennium BP maize from the Central Balsas River Valley, Mexico},
  author={Piperno, Dolores R and Ranere, Anthony J and Holst, Irene and Iriarte, Jose and Dickau, Ruth},
  journal={Proceedings of the National Academy of Sciences},
  volume={106},
  number={13},
  pages={5019--5024},
  year={2009},
  publisher={National Acad Sciences}
}

@article{pohl2007microfossil,
  title={Microfossil evidence for pre-Columbian maize dispersals in the neotropics from San Andres, Tabasco, Mexico},
  author={Pohl, Mary ED and Piperno, Dolores R and Pope, Kevin O and Jones, John G},
  journal={Proceedings of the National Academy of Sciences},
  volume={104},
  number={16},
  pages={6870--6875},
  year={2007},
  publisher={National Acad Sciences}
}

@article{beadle1972mystery,
  title={The mystery of maize},
  author={Beadle, GW},
  journal={Field Mus. Nat. Hist. Bull.(Chicago)},
  volume={43},
  number={10},
  pages={2--11},
  year={1972}
}

@article{doebley2004genetics,
  title={The genetics of maize evolution},
  author={Doebley, John},
  journal={Annu. Rev. Genet.},
  volume={38},
  pages={37--59},
  year={2004},
  publisher={Annual Reviews}
}

